@article{adey2010rapid,
  title={Rapid, low-input, low-bias construction of shotgun fragment libraries by high-density in vitro transposition},
  author={Adey, Andrew and Morrison, Hilary G and Xun, Xu and Kitzman, Jacob O and Turner, Emily H and Stackhouse, Bethany and MacKenzie, Alexandra P and Caruccio, Nicholas C and Zhang, Xiuqing and Shendure, Jay and others},
  journal={Genome biology},
  volume={11},
  number={12},
  pages={R119},
  year={2010},
  publisher={BioMed Central}
}