@article{mantel1967detection,
  title={The detection of disease clustering and a generalized regression approach},
  author={Mantel, Nathan},
  journal={Cancer research},
  volume={27},
  number={2 Part 1},
  pages={209--220},
  year={1967},
  publisher={AACR}
}

@article{hommola2009permutation,
  title={A permutation test of host--parasite cospeciation},
  author={Hommola, Kerstin and Smith, Judith E and Qiu, Yang and Gilks, Walter R},
  journal={Molecular biology and evolution},
  volume={26},
  number={7},
  pages={1457--1468},
  year={2009},
  publisher={SMBE}
}

@article{ross2013characterizing,
  title={Characterizing and measuring bias in sequence data},
  author={Ross, Michael G and Russ, Carsten and Costello, Maura and
Hollinger, Andrew and Lennon, Niall J and Hegarty, Ryan and Nusbaum,
Chad and Jaffe, David B},
  journal={Genome biology},
  volume={14},
  number={5},
  pages={R51},
  year={2013},
  publisher={BioMed Central}
}

@article{kuo2009inferring,
  title={Inferring clocks when lacking rocks: the variable rates of
molecular evolution in bacteria},
  author={Kuo, Chih-Horng and Ochman, Howard},
  journal={Biology Direct},
  volume={4},
  number={1},
  pages={35},
  year={2009},
  publisher={BioMed Central}
}

@article{schirmer2016illumina,
  title={Illumina error profiles: resolving fine-scale variation in
metagenomic sequencing data},
  author={Schirmer, Melanie and Dâ€™Amore, Rosalinda and Ijaz, Umer Z
and Hall, Neil and Quince, Christopher},
  journal={BMC bioinformatics},
  volume={17},
  number={1},
  pages={125},
  year={2016},
  publisher={BioMed Central}
}

@article{bolger2014trimmomatic,
  title={Trimmomatic: a flexible trimmer for Illumina sequence data},
  author={Bolger, Anthony M and Lohse, Marc and Usadel, Bjoern},
  journal={Bioinformatics},
  pages={btu170},
  year={2014},
  publisher={Oxford Univ Press}
}
