@article{eppy,
    author = {Hashemi, Reza},
    citeulike-article-id = {13334843},
    citeulike-linkout-0 = {http://www.the-scientist.com/?articles.view/articleNo/24210/title/The--Eppy-/},
    day = {1},
    journal = {The Scientist},
    keywords = {3d\_printing, eppy},
    month = aug,
    posted-at = {2014-08-23 23:25:29},
    priority = {2},
    title = {{The ``Eppy''}},
    url = {http://www.the-scientist.com/?articles.view/articleNo/24210/title/The--Eppy-/},
    year = {2006}
}

@Book{burns1993,
 author = {Burns, Marshall},
 title = {Automated fabrication : improving productivity in manufacturing},
 publisher = {PTR Prentice Hall},
 year = {1993},
 address = {Englewood Cliffs, N.J},
 isbn = {978-0-13-119462-5}
 }
 
@misc{gcode,
address = {\url{http://www.nist.gov/manuscript-publication-search.cfm?pub_id=823374}},
author = {{Thomas R. Kramer and Frederick M. Proctor and Elena R. Messina}},
title = {{The NIST RS274NGC Interpreter - Version 3}},
year = {2000}
}

@ONLINE{tweet_conjecture,
    author = {Neches, Russell},
    title = {Conjecture : 3D prints are sterile. Let's find out. http://t.co/l3nRWWaTRX},
    month = {January},
    year = {2014},
    url = {https://twitter.com/ryneches/status/426523321694298113},
    urldate = {2014-07-09}
}

@ONLINE{tweet_first_result_1,
    author = {Neches, Russell},
    title = {No growth in culture inoculated with 3D printer extruded plastic, pos. \& neg. controls worked. So far, so good! http://t.co/EuPoGz15ms},
    month = {January},
    year = {2014},
    url = {https://twitter.com/ryneches/status/426904825448525824},
    urldate = {2014-07-09}
}

@ONLINE{tweet_first_result_2,
    author = {Neches, Russell},
    title = {Still no growth in media inoculated with plastic extruded from the 3D printer. w00t! http://t.co/MKcxjG3xr8},
    month = {January},
    year = {2014},
    url = {https://twitter.com/ryneches/status/427315617775886336}
}

@ONLINE{tweet_2nd_test,
    author = {Neches, Russell},
    title = {Does the 3D printing process produce sterile parts without autoclaving? Let's find out. http://t.co/eH3wgkz5Lm},
    month = {January},
    year = {2014},
    url = {https://twitter.com/ryneches/status/427340061277814784},
    urldate = {2014-07-09}
}

@ONLINE{tweet_2nd_result,
    author = {Neches, Russell},
    title = {\@LuisZaman \@runforsushi 6 replicates after 96 hours, no growth! Had to kill positive control because it was scary. http://t.co/QqbEzkmm3j},
    month = {January},
    year = {2014},
    url = {https://twitter.com/ryneches/status/428775662447390720},
    urldate = {2014-07-09}
}

@ONLINE{tweet_mini_flask,
    author = {Neches, Russell},
    title = {Tried inoculating some overnights from a 3D printed mini-flask. \@LuisZaman \@runforsushi http://t.co/u4RNecpCQG},
    month = {January},
    year = {2014},
    url = {https://twitter.com/ryneches/status/429144912110436352},
    urldate = {2014-07-09}
}

@ONLINE{tweet_terrific_aye,
    author = {Flynn, Kaitlin},
    title = {24h in terrific broth, 72 in AYE, no growth from any parts! Nothing under scope either \@ryneches \@LuisZaman http://t.co/YPXbYTwcJl},
    month = {January},
    year = {2014},
    url = {https://twitter.com/microkaitlin/status/430064079097454593},
    urldate = {2014-07-09}
}

@ONLINE{tweet_aye_96h,
    author = {Flynn, Kaitlin},
    title = {first growth in 3D parts: 96h in AYE. Bugs in steril part diff than +ctrl. Will repeat \@LuisZaman \@ryneches http://t.co/ANDJevjriG},
    month = {January},
    year = {2014},
    url = {https://twitter.com/microkaitlin/status/430375432681054208},
    urldate = {2014-07-09}
}

@ONLINE{tweet_aye_2nd_test,
    author = {Flynn, Kaitlin},
    title = {Set up a quick pilot last night of \@LuisZaman's ``foil'' 3D plastic. No growth in AYE so far! \@ryneches http://t.co/3RihlmoNYY},
    month = {January},
    year = {2014},
    url = {https://twitter.com/microkaitlin/status/429289128488759296},
    urldate = {2014-07-09}
}

@ONLINE{tweet_meat_broth_result,
    author = {Flynn, Kaitlin},
    title = {\#tweepsci update! After 1 wk in ``meat broth'' anaerobically, growth in ``no UV'' parts of \@ryneches \@LuisZaman http://t.co/67UOmxxayu},
    month = {January},
    year = {2014},
    url = {https://twitter.com/microkaitlin/status/435458711377543168},
    urldate = {2014-07-09}
}

@ONLINE{tweet_luis_24h,
    author = {Zaman, Luis},
    title = {Good news \@ryneches \@runforsushi \@RELenski, no growth
in LB at 30C. Even from my \*cough cough\* test in a fume hood! http://t.co/NPDlVGvk4R},
    month = {January},
    year = {2014},
    url = {https://twitter.com/LuisZaman/status/428152935298506752},
    urldate = {2014-07-09}
}

@ONLINE{tweet_luis_48h,
    author = {Zaman, Luis},
    title = {48hr going strong with no growth \@ryneches \@runforsushi \@RELenski http://t.co/GHRVqnPcub},
    month = {January},
    year = {2014},
    url = {https://twitter.com/LuisZaman/status/428573895218569216},
    urldate = {2014-07-09}
}

@ONLINE{tweet_filament_interior,
    author = {Zaman, Luis},
    title = {Surface sterilized PLA that was ``snapped'' to expose fresh filament not growing in LB \@ryneches \@runforsushi http://t.co/8nI4QT543y},
    month = {February},
    year = {2014},
    url = {https://twitter.com/LuisZaman/status/429748626449903618},
    urldate = {2014-07-09}
}

@ONLINE{tweet_swimming_tracks_1,
    author = {Zaman, Luis},
    title = {3D printed ``tracks'' filled with soft agar. If sterile, will put super-swimmers in \@ryneches \@runforsushi \@RELenski http://t.co/7JuF2DpNlw},
    month = {February},
    year = {2014},
    url = {https://twitter.com/LuisZaman/status/430427777284583424},
    urldate = {2014-07-09}
}

@ONLINE{tweet_swimming_tracks_2,
    author = {Zaman, Luis},
    title = {Next version of bacteria race tracks! Made to fit into a petri dish \@ryneches \@runforsushi \#3dprinting http://t.co/rcSdNGKZ0t},
    month = {February},
    year = {2014},
    url = {https://twitter.com/LuisZaman/status/436015889343733760},
    urldate = {2014-07-15}
}

@ONLINE{zactlewis2014,
    author = {Lewis, Zachery},
    title = {\@ryneches After 1 week in anoxic RCM, no growth in 3d print material (foil and etoh) tubes. Growth in + control. http://t.co/OTOposWMWX},
    month = {March},
    year = {2014},
    url = {https://twitter.com/zactlewis/status/443505467499622400},
    urldate = {2014-07-09}
}

@ONLINE{swimplate,
    author = {Lewis, Zachery},
    title = {Bacteria ``Race Tracks'' For Swimming/Swarming Bacteria, Thingiverse thing \#399245},
    month = {July},
    year = {2014},
    url = {https://www.thingiverse.com/thing:399245},
    urldate = {2014-07-21}
}

@ONLINE{WatersLabMSU2014,
    author = {Waters, Chris},
    title = {\@LuisZaman \@ryneches \@runforsushi Just further evidence that that \#cdiGMP is the most important regulatory molecule in bacteria! https://twitter.com/WatersLabMSU/status/436493654018899968},
    month = {February},
    year = {2014},
    url = {https://twitter.com/WatersLabMSU/status/436493654018899968},
    urldate = {2014-07-21}
}

@article{AYE_broth,
    author = {Feeley, J. C. and Gibson, R. J. and Gorman, G. W. and Langford, N. C. and Rasheed, J. K. and Mackel, D. C. and Baine, W. B.},
    citeulike-article-id = {13246045},
    citeulike-linkout-0 = {http://www.ncbi.nlm.nih.gov/pmc/articles/PMC273193/},
    citeulike-linkout-1 = {http://view.ncbi.nlm.nih.gov/pubmed/393713},
    citeulike-linkout-2 = {http://www.hubmed.org/display.cgi?uids=393713},
    issn = {0095-1137},
    journal = {Journal of clinical microbiology},
    keywords = {3d\_printing, aye, broth, isolation, legionella, media},
    month = oct,
    number = {4},
    pages = {437--441},
    pmcid = {PMC273193},
    pmid = {393713},
    posted-at = {2014-06-30 22:56:15},
    priority = {2},
    title = {{Charcoal-yeast extract agar: primary isolation medium for Legionella pneumophila.}},
    url = {http://www.ncbi.nlm.nih.gov/pmc/articles/PMC273193/},
    volume = {10},
    year = {1979}
}

@article{spores,
    author = {Wilson, K. H. and Kennedy, M. J. and Fekety, F. R.},
    citeulike-article-id = {13246054},
    citeulike-linkout-0 = {http://www.ncbi.nlm.nih.gov/pmc/articles/PMC272115/},
    citeulike-linkout-1 = {http://view.ncbi.nlm.nih.gov/pubmed/7076817},
    citeulike-linkout-2 = {http://www.hubmed.org/display.cgi?uids=7076817},
    issn = {0095-1137},
    journal = {Journal of clinical microbiology},
    keywords = {3d\_printing, culturing, germination, isolation, spores},
    month = mar,
    number = {3},
    pages = {443--446},
    pmcid = {PMC272115},
    pmid = {7076817},
    posted-at = {2014-06-30 23:12:17},
    priority = {2},
    title = {{Use of sodium taurocholate to enhance spore recovery on a medium selective for Clostridium difficile.}},
    url = {http://www.ncbi.nlm.nih.gov/pmc/articles/PMC272115/},
    volume = {15},
    year = {1982}
}

@article{spore_germinant_salt,
    author = {Sorg, Joseph A. and Sonenshein, Abraham L.},
    citeulike-article-id = {4035163},
    citeulike-linkout-0 = {http://dx.doi.org/10.1128/jb.01765-07},
    citeulike-linkout-1 = {http://www.ncbi.nlm.nih.gov/pmc/articles/PMC2293200/},
    citeulike-linkout-2 = {http://view.ncbi.nlm.nih.gov/pubmed/18245298},
    citeulike-linkout-3 = {http://www.hubmed.org/display.cgi?uids=18245298},
    doi = {10.1128/jb.01765-07},
    issn = {1098-5530},
    journal = {Journal of bacteriology},
    keywords = {3d\_printing, clostridium, culturing, germination, isolation, media, spores},
    month = apr,
    number = {7},
    pages = {2505--2512},
    pmcid = {PMC2293200},
    pmid = {18245298},
    posted-at = {2014-06-30 23:18:09},
    priority = {2},
    title = {{Bile salts and glycine as cogerminants for Clostridium difficile spores.}},
    url = {http://dx.doi.org/10.1128/jb.01765-07},
    volume = {190},
    year = {2008}
}

@article{seaweed_human_gut,
    author = {Hehemann, Jan-Hendrik H. and Kelly, Amelia G. and Pudlo, Nicholas A. and Martens, Eric C. and Boraston, Alisdair B.},
    citeulike-article-id = {13246061},
    citeulike-linkout-0 = {http://view.ncbi.nlm.nih.gov/pubmed/23150581},
    citeulike-linkout-1 = {http://www.hubmed.org/display.cgi?uids=23150581},
    day = {27},
    issn = {1091-6490},
    journal = {Proceedings of the National Academy of Sciences of the United States of America},
    month = nov,
    number = {48},
    pages = {19786--19791},
    pmid = {23150581},
    posted-at = {2014-06-30 23:27:21},
    priority = {2},
    title = {{Bacteria of the human gut microbiome catabolize red seaweed glycans with carbohydrate-active enzyme updates from extrinsic microbes.}},
    url = {http://view.ncbi.nlm.nih.gov/pubmed/23150581},
    volume = {109},
    year = {2012}
}

@article{cell_culture,
    author = {Swanson, M. S. and Isberg, R. R.},
    citeulike-article-id = {13293092},
    citeulike-linkout-0 = {http://www.ncbi.nlm.nih.gov/pmc/articles/PMC174114/},
    citeulike-linkout-1 = {http://view.ncbi.nlm.nih.gov/pubmed/8698483},
    citeulike-linkout-2 = {http://www.hubmed.org/display.cgi?uids=8698483},
    issn = {0019-9567},
    journal = {Infection and immunity},
    keywords = {3d\_printing, cell\_culture, legionella, media, sterility},
    month = jul,
    number = {7},
    pages = {2585--2594},
    pmcid = {PMC174114},
    pmid = {8698483},
    posted-at = {2014-07-22 00:31:31},
    priority = {2},
    title = {{Identification of Legionella pneumophila mutants that have aberrant intracellular fates.}},
    url = {http://www.ncbi.nlm.nih.gov/pmc/articles/PMC174114/},
    volume = {64},
    year = {1996}
}

@article{lenski1991,
  title={Long-term experimental evolution in Escherichia coli. I. Adaptation and divergence during 2,000 generations},
  author={Lenski, Richard E and Rose, Michael R and Simpson, Suzanne C and Tadler, Scott C},
  journal={American Naturalist},
  pages={1315--1341},
  year={1991},
  publisher={University of Chicago Press}
}

@article{keio,
  title={Construction of Escherichia coli K-12 in-frame, single-gene knockout mutants: the Keio collection},
  author={Baba, Tomoya and Ara, Takeshi and Hasegawa, Miki and Takai, Yuki and Okumura, Yoshiko and Baba, Miki and Datsenko, Kirill A and Tomita, Masaru and Wanner, Barry L and Mori, Hirotada},
  journal={Molecular systems biology},
  volume={2},
  number={1},
  year={2006},
  publisher={EMBO Press}
}

@article{pla_suture_review,
    author = {Athanasiou, Kyriacos A. and Niederauer, Gabriele G.},
    citeulike-article-id = {13294174},
    citeulike-linkout-0 = {http://dx.doi.org/10.1016/0142-9612(96)85754-1},
    doi = {10.1016/0142-9612(96)85754-1},
    issn = {01429612},
    journal = {Biomaterials},
    keywords = {3d\_printing, pla, sterility},
    month = jan,
    number = {2},
    pages = {93--102},
    posted-at = {2014-07-22 23:29:17},
    priority = {2},
    title = {Sterilization, toxicity, biocompatibility and clinical applications of polylactic acid/ polyglycolic acid copolymers},
    url = {http://dx.doi.org/10.1016/0142-9612(96)85754-1},
    volume = {17},
    year = {1996}
}

@article{steam_sterilization_PLA,
    author = {Rozema, F. R. and Bos, R. R. and Boering, G. and van Asten, J. A. and Nijenhuis, A. J. and Pennings, A. J.},
    citeulike-article-id = {13294239},
    citeulike-linkout-0 = {http://view.ncbi.nlm.nih.gov/pubmed/10150042},
    citeulike-linkout-1 = {http://www.hubmed.org/display.cgi?uids=10150042},
    issn = {1045-4861},
    journal = {Journal of applied biomaterials : an official journal of the Society for Biomaterials},
    keywords = {3d\_printing, autoclave, pla, plastic, steam, sterility},
    number = {1},
    pages = {23--28},
    pmid = {10150042},
    posted-at = {2014-07-23 03:38:19},
    priority = {2},
    title = {{The effects of different steam-sterilization programs on material properties of poly(L-lactide).}},
    url = {http://view.ncbi.nlm.nih.gov/pubmed/10150042},
    volume = {2},
    year = {1991}
}

@article{gama_radiation_PLA,
    author = {Gilding, D. K. and Reed, A. M.},
    citeulike-article-id = {9408173},
    citeulike-linkout-0 = {http://dx.doi.org/10.1016/0032-3861(79)90009-0},
    doi = {10.1016/0032-3861(79)90009-0},
    issn = {00323861},
    journal = {Polymer},
    keywords = {3d\_printing, gamma\_radiation, pla, radiation, sterility},
    month = dec,
    number = {12},
    pages = {1459--1464},
    posted-at = {2014-07-23 03:45:57},
    priority = {2},
    title = {{Biodegradable polymers for use in surgery--polyglycolic/poly(actic acid) homo- and copolymers: 1}},
    url = {http://dx.doi.org/10.1016/0032-3861(79)90009-0},
    volume = {20},
    year = {1979}
}

@article{PLA_1966,
    author = {Kulkarni, R. K. and Pani, K. C. and Neuman, C. and Leonard, F.},
    citeulike-article-id = {13294245},
    citeulike-linkout-0 = {http://view.ncbi.nlm.nih.gov/pubmed/5921307},
    citeulike-linkout-1 = {http://www.hubmed.org/display.cgi?uids=5921307},
    issn = {0004-0010},
    journal = {Archives of surgery (Chicago, Ill. : 1960)},
    keywords = {3d\_printing, pla, sterility},
    month = nov,
    number = {5},
    pages = {839--843},
    pmid = {5921307},
    posted-at = {2014-07-23 04:33:17},
    priority = {2},
    title = {{Polylactic acid for surgical implants.}},
    url = {http://view.ncbi.nlm.nih.gov/pubmed/5921307},
    volume = {93},
    year = {1966}
}

@article{Vicryl,
    author = {Horton, C. E. and Adamson, J. E. and Mladick, R. A. and Carraway, J. H.},
    citeulike-article-id = {13294249},
    citeulike-linkout-0 = {http://view.ncbi.nlm.nih.gov/pubmed/4611294},
    citeulike-linkout-1 = {http://www.hubmed.org/display.cgi?uids=4611294},
    issn = {0003-1348},
    journal = {The American surgeon},
    keywords = {3d\_printing, pla, sterility, surgery, sutures},
    month = dec,
    number = {12},
    pages = {729--731},
    pmid = {4611294},
    posted-at = {2014-07-23 04:38:43},
    priority = {2},
    title = {Vicryl synthetic absorbable sutures.},
    url = {http://view.ncbi.nlm.nih.gov/pubmed/4611294},
    volume = {40},
    year = {1974}
}

@article{PLA_1975,
    author = {Schwope, A. D. and Wise, D. L. and Howes, J. F.},
    citeulike-article-id = {13294251},
    citeulike-linkout-0 = {http://view.ncbi.nlm.nih.gov/pubmed/1241970},
    citeulike-linkout-1 = {http://www.hubmed.org/display.cgi?uids=1241970},
    issn = {0361-8595},
    journal = {National Institute on Drug Abuse research monograph series},
    keywords = {3d\_printing, cell\_culture, pla, sterility},
    number = {4},
    pages = {13--18},
    pmid = {1241970},
    posted-at = {2014-07-23 04:42:58},
    priority = {2},
    title = {{Development of polylactic/glycolic acid delivery systems for use in treatment of narcotic addiction.}},
    url = {http://view.ncbi.nlm.nih.gov/pubmed/1241970},
    year = {1975}
}

@article{bone_printing,
    author = {Bose, Susmita and Vahabzadeh, Sahar and Bandyopadhyay, Amit},
    citeulike-article-id = {13294252},
    citeulike-linkout-0 = {http://dx.doi.org/10.1016/j.mattod.2013.11.017},
    doi = {10.1016/j.mattod.2013.11.017},
    issn = {13697021},
    journal = {Materials Today},
    keywords = {3d\_printing, bone, materials, pla, sterility},
    month = dec,
    number = {12},
    pages = {496--504},
    posted-at = {2014-07-23 04:48:27},
    priority = {2},
    title = {{Bone tissue engineering using 3D printing}},
    url = {http://dx.doi.org/10.1016/j.mattod.2013.11.017},
    volume = {16},
    year = {2013}
}

@article{nr,
    author = {Pruitt, Kim D. and Tatusova, Tatiana and Maglott, Donna R.},
    citeulike-article-id = {82219},
    citeulike-linkout-0 = {http://dx.doi.org/10.1093/nar/gki025},
    citeulike-linkout-1 = {http://nar.oxfordjournals.org/content/33/suppl\_1/D501.abstract},
    citeulike-linkout-2 = {http://nar.oxfordjournals.org/content/33/suppl\_1/D501.full.pdf},
    citeulike-linkout-3 = {http://nar.oxfordjournals.org/cgi/content/abstract/33/suppl\_1/D501},
    citeulike-linkout-4 = {http://www.ingentaconnect.com/content/oup/nar/2005/00000033/A00100s1/d501},
    citeulike-linkout-5 = {http://www.ncbi.nlm.nih.gov/pmc/articles/PMC539979/},
    citeulike-linkout-6 = {http://view.ncbi.nlm.nih.gov/pubmed/15608248},
    citeulike-linkout-7 = {http://www.hubmed.org/display.cgi?uids=15608248},
    day = {1},
    doi = {10.1093/nar/gki025},
    issn = {1362-4962},
    journal = {Nucleic acids research},
    keywords = {database, genbank, ncbi, nr},
    month = jan,
    number = {Database issue},
    pages = {D501--D504},
    pmcid = {PMC539979},
    pmid = {15608248},
    posted-at = {2014-07-23 23:20:49},
    priority = {2},
    publisher = {Oxford University Press},
    title = {{NCBI Reference Sequence (RefSeq): a curated non-redundant sequence database of genomes, transcripts and proteins.}},
    url = {http://dx.doi.org/10.1093/nar/gki025},
    volume = {33},
    year = {2005}
}

@Misc{OpenSCAD,
author =   {Kintel, Marius and  Wolf, Clifford},
title =    {{OpenSCAD} : The Programmer's Solid {3D} {CAD} Modeller},
howpublished = {\url{http://www.openscad.org/}},
year = {2000--2004}
}
