
@article{ainsworth_what_2005,
	title = {What have we learned from 15 years of free-air {CO}2 enrichment ({FACE})? {A} meta-analytic review of the responses of photosynthesis, canopy},
	volume = {165},
	issn = {0028-646X},
	doi = {10.1111/j.1469-8137.2004.01224.x},
	number = {2},
	journal = {New Phytologist},
	author = {Ainsworth, E. A. and Long, S. P.},
	month = feb,
	year = {2005},
	%note = {WOS:000226423700005},
	pages = {351--371}
}

@article{allen_us_2010,
	title = {{US} {Coast} {Guard} {Faces} {Change}, {Challenges} {Head}-on},
	volume = {51},
	issn = {0093-3651},
	number = {1},
	journal = {Sea Technology},
	author = {Allen, Thad W.},
	month = jan,
	year = {2010},
	%note = {WOS:000274320800003},
	pages = {13--14}
}

@book{irwin1995citizen,
  title={Citizen science: A study of people, expertise and sustainable development},
  author={Irwin, Alan},
  year={1995},
  publisher={Psychology Press}
}

@ONLINE{malaspina,
author = {Malaspina},
title = {About Malaspina: Project structure},
month = aug,
year = {2014},
url = {http://scientific.expedicionmalaspina.es/#!/n/about-malaspina/264/project-structure}
}

@ONLINE{upv-ehu,
title = {UPV, EHU (2014) Projects - Marine Microbes Research Group.},
month = aug,
year = {2014},
url = {http://www.ehu.es/en/web/marinemicrobes/proiektuak}
}

@ONLINE{tara-embl,
title = {Tara Oceans science - Facts \& Figures},
month = aug,
year = {2014},
url = {http://www.embl.de/tara-oceans/start/facts_figures/index.html}
}

@ONLINE{tara-2009,
title = {Tara Expeditions (2014) Rapport d'activit\'{e} 2009 du fonds tara},
month = aug,
year = {2014},
url = {http://oceans.taraexpeditions.org/wp-content/uploads/2014/06/rapport-activite-2009.pdf}
}

@ONLINE{tara-2010,
title = {Tara Expeditions (2014) Rapport d'activit\'{e} 2010 de Tara Expéditions},
month = aug,
year = {2014},
url = {http://oceans.taraexpeditions.org/wp-content/uploads/2014/06/rapport_2010_tara_expeditions.pdf}
}

@ONLINE{tara-2011,
title = {Tara Expeditions (2014) Rapport d'activit\'{e} 2011 de Tara Expéditions},
month = aug,
year = {2014},
url = {http://oceans.taraexpeditions.org/wp-content/uploads/2014/06/rapport-activite-2011def.pdf}
}

@article{davies_founding_2014,
	title = {The founding charter of the {Genomic} {Observatories} {Network}},
	volume = {3},
	doi = {10.1186/2047-217X-3-2},
	journal = {Gigascience},
	author = {Davies, Neil and Field, Dawn and Amaral-Zettler, Linda and Clark, Melody S. and Deck, John and Drummond, Alexei and Faith, Daniel P. and Geller, Jonathan and Gilbert, Jack and Gloeckner, Frank Oliver and Hirsch, Penny R. and Leong, Jo-Ann and Meyer, Chris and Obst, Matthias and Planes, Serge and Scholin, Chris and Vogler, Alfried P. and Gates, Ruth D. and Toonen, Rob and Berteaux-Lecellier, Veronique and Barbier, Michele and Barker, Katherine and Bertilsson, Stefan and Bicak, Mesude and Bietz, Matthew J. and Bobe, Jason and Bodrossy, Levente and Borja, Angel and Coddington, Jonathan and Fuhrman, Jed and Gerdts, Gunnar and Gillespie, Rosemary and Goodwin, Kelly and Hanson, Paul C. and Hero, Jean-Marc and Hoekman, David and Jansson, Janet and Jeanthon, Christian and Kao, Rebecca and Klindworth, Anna and Knight, Rob and Kottmann, Renzo and Koo, Michelle S. and Kotoulas, Georgios and Lowe, Andrew J. and Marteinsson, Viggo Thor and Meyer, Folker and Morrison, Norman and Myrold, David D. and Pafilis, Evangelos and Parker, Stephanie and Parnell, John Jacob and Polymenakou, Paraskevi N. and Ratnasingham, Sujeevan and Roderick, George K. and Rodriguez-Ezpeleta, Naiara and Schonrogge, Karsten and Simon, Nathalie and Valette-Silver, Nathalie J. and Springer, Yuri P. and Stone, Graham N. and Stones-Havas, Steve and Sansone, Susanna-Assunta and Thibault, Kate M. and Wecker, Patricia and Wichels, Antje and Wooley, John C. and Yahara, Tetsukazu and Zingone, Adriana},
	month = mar,
	year = {2014},
	%note = {WOS:000365651500001},
	pages = {2}
}

@article{ault2013false,
  title={The false spring of 2012, earliest in North American record},
  author={Ault, TR and Henebry, GM and De Beurs, KM and Schwartz, MD and Betancourt, JL and Moore, D},
  journal={EOS, Transactions American Geophysical Union},
  volume={94},
  number={20},
  pages={181--182},
  year={2013},
  publisher={Wiley Online Library}
}

@incollection{haklay2013citizen,
  title={Citizen science and volunteered geographic information: Overview and typology of participation},
  author={Haklay, Muki},
  booktitle={Crowdsourcing geographic knowledge},
  pages={105--122},
  year={2013},
  publisher={Springer}
}

@article{cressey2014us,
  title={US science fleet's future is far from ship-shape},
  author={Cressey, Daniel},
  journal={Nature News},
  publisher={Nature},
  doi={10.1038/nature.2013.13164},
  year={2014}
}

@article{hazen_deep-sea_2010,
	title = {Deep-{Sea} {Oil} {Plume} {Enriches} {Indigenous} {Oil}-{Degrading} {Bacteria}},
	volume = {330},
	issn = {0036-8075},
	doi = {10.1126/science.1195979},
	number = {6001},
	journal = {Science},
	author = {Hazen, Terry C. and Dubinsky, Eric A. and DeSantis, Todd Z. and Andersen, Gary L. and Piceno, Yvette M. and Singh, Navjeet and Jansson, Janet K. and Probst, Alexander and Borglin, Sharon E. and Fortney, Julian L. and Stringfellow, William T. and Bill, Markus and Conrad, Mark E. and Tom, Lauren M. and Chavarria, Krystle L. and Alusi, Thana R. and Lamendella, Regina and Joyner, Dominique C. and Spier, Chelsea and Baelum, Jacob and Auer, Manfred and Zemla, Marcin L. and Chakraborty, Romy and Sonnenthal, Eric L. and D'haeseleer, Patrik and Holman, Hoi-Ying N. and Osman, Shariff and Lu, Zhenmei and Van Nostrand, Joy D. and Deng, Ye and Zhou, Jizhong and Mason, Olivia U.},
	month = oct,
	year = {2010},
	%note = {WOS:000282644600037},
	pages = {204--208}
}

@article{hobbs_long-term_2007,
	title = {Long-term data reveal complex dynamics in grassland in relation to climate and disturbance},
	volume = {77},
	issn = {0012-9615},
	doi = {10.1890/06-1530.1},
	number = {4},
	journal = {Ecological Monographs},
	author = {Hobbs, Richard J. and Yates, Susan and Mooney, Harold A.},
	month = nov,
	year = {2007},
	%note = {WOS:000250915400004},
	pages = {545--568}
}

@article{kaluza_complex_2010,
	title = {The complex network of global cargo ship movements},
	volume = {7},
	issn = {1742-5689},
	doi = {10.1098/rsif.2009.0495},
	number = {48},
	journal = {Journal of the Royal Society Interface},
	author = {Kaluza, Pablo and Koelzsch, Andrea and Gastner, Michael T. and Blasius, Bernd},
	month = jul,
	year = {2010},
	%note = {WOS:000277991600008},
	pages = {1093--1103}
}

@article{mcnutt_hunt_2014,
	title = {The hunt for {MH}370},
	volume = {344},
	issn = {0036-8075},
	doi = {10.1126/science.1255963},
	number = {6187},
	journal = {Science},
	author = {McNutt, Marcia},
	month = may,
	year = {2014},
	%note = {WOS:000336495800001},
	pages = {947--947}
}

@article{montes-hugo_recent_2009,
	title = {Recent {Changes} in {Phytoplankton} {Communities} {Associated} with {Rapid} {Regional} {Climate} {Change} {Along} the {Western} {Antarctic} {Peninsula}},
	volume = {323},
	issn = {0036-8075},
	doi = {10.1126/science.1164533},
	number = {5920},
	journal = {Science},
	author = {Montes-Hugo, Martin and Doney, Scott C. and Ducklow, Hugh W. and Fraser, William and Martinson, Douglas and Stammerjohn, Sharon E. and Schofield, Oscar},
	month = mar,
	year = {2009},
	%note = {WOS:000264101700039},
	pages = {1470--1473}
}

@article{siegal_interpretations_2001,
	title = {Interpretations of biogeochemical processes from the {US} {JGOFS} {Bermuda} and {Hawaii} time-series sites},
	volume = {48},
	issn = {0967-0645},
	doi = {10.1016/S0967-0645(00)00147-8},
	number = {8-9},
	journal = {Deep-Sea Research Part Ii-Topical Studies in Oceanography},
	author = {Siegal, D. A. and Karl, D. M. and Michaels, A. F.},
	year = {2001},
	%note = {WOS:000168632200001},
	pages = {1403--1404}
}

@article{walther_ecological_2002,
	title = {Ecological responses to recent climate change},
	volume = {416},
	issn = {0028-0836},
	doi = {10.1038/416389a},
	number = {6879},
	journal = {Nature},
	author = {Walther, G. R. and Post, E. and Convey, P. and Menzel, A. and Parmesan, C. and Beebee, T. J. C. and Fromentin, J. M. and Hoegh-Guldberg, O. and Bairlein, F.},
	month = mar,
	year = {2002},
	%note = {WOS:000174607800036},
	pages = {389--395}
}

@article{warner_sampling_1994,
    title = {Sampling by the continuous plankton recorder survey},
	volume = {34},
	issn = {0079-6611},
	doi = {10.1016/0079-6611(94)90011-6},
	number = {2-3},
	journal = {Progress in Oceanography},
	author = {WARNER, AJ and HAYS, GC},
	year = {1994},
	%note = {WOS:A1994QB20400011},
	pages = {237--256}
}

@article{wootton_dynamic_2008,
	title = {Dynamic patterns and ecological impacts of declining ocean {pH} in a high-resolution multi-year dataset},
	volume = {105},
	issn = {0027-8424},
	doi = {10.1073/pnas.0810079105},
	number = {48},
	journal = {Proceedings of the National Academy of Sciences of the United States of America},
	author = {Wootton, J. Timothy and Pfister, Catherine A. and Forester, James D.},
	month = dec,
	year = {2008},
	%note = {WOS:000261489100044},
	pages = {18848--18853}
}