@article{coil2015draft,
  title={Draft Genome Sequence of Bacillus safensis JPL-MERTA-8-2, Isolated from a Mars-Bound Spacecraft},
  author={Coil, David A and Benardini, James N and Eisen, Jonathan A},
  journal={Genome announcements},
  volume={3},
  number={6},
  pages={e01360--15},
  year={2015},
  publisher={Am Soc Microbiol}
}

@article{altschul_basic_1990,
	title = {{BASIC} {LOCAL} {ALIGNMENT} {SEARCH} {TOOL}},
	volume = {215},
	issn = {0022-2836},
	doi = {10.1006/jmbi.1990.9999},
	number = {3},
	journal = {Journal of Molecular Biology},
	author = {ALTSCHUL, SF and GISH, W. and MILLER, W. and MYERS, EW and LIPMAN, DJ},
	month = oct,
	year = {1990},
	%note = {WOS:A1990ED16700008},
	pages = {403--410}
}

@article{benjamini_controlling_1995,
	title = {{CONTROLLING} {THE} {FALSE} {DISCOVERY} {RATE} - {A} {PRACTICAL} {AND} {POWERFUL} {APPROACH}},
	volume = {57},
	issn = {0035-9246},
	number = {1},
	journal = {Journal of the Royal Statistical Society Series B-Methodological},
	author = {BENJAMINI, Y. and HOCHBERG, Y.},
	year = {1995},
	%note = {WOS:A1995QE45300017},
	pages = {289--300}
}

@article{benoit_microbial_2006,
	title = {Microbial antibiotic production aboard the {International} {Space} {Station}},
	volume = {70},
	issn = {0175-7598},
	doi = {10.1007/s00253-005-0098-3},
	number = {4},
	journal = {Applied Microbiology and Biotechnology},
	author = {Benoit, M. R. and Li, W. and Stodieck, L. S. and Lam, K. S. and Winther, C. L. and Roane, T. M. and Klaus, D. M.},
	month = apr,
	year = {2006},
	%note = {WOS:000236213200004},
	pages = {403--411}
}

@article{brown_effects_2002,
	title = {Effects of space flight, clinorotation, and centrifugation on the substrate utilization efficiency of {E}-colii},
	volume = {13},
	issn = {0938-0108},
	number = {4},
	journal = {Microgravity Science and Technology},
	author = {Brown, R. B. and Klaus, D. and Todd, P.},
	year = {2002},
	%note = {WOS:000183849000003},
	pages = {24--29}
}

@article{castro_microbial_2004,
	title = {Microbial characterization during the early habitation of the {International} {Space} {Station}},
	volume = {47},
	issn = {0095-3628},
	doi = {10.1007/s00248-003-1030-y},
	number = {2},
	journal = {Microbial Ecology},
	author = {Castro, V. A. and Thrasher, A. N. and Healy, M. and Ott, C. M. and Pierson, D. L.},
	month = feb,
	year = {2004},
	%note = {WOS:000221223100003},
	pages = {119--126}
}

@article{cole_ribosomal_2014,
	title = {Ribosomal {Database} {Project}: data and tools for high throughput {rRNA} analysis},
	volume = {42},
	issn = {0305-1048},
	doi = {10.1093/nar/gkt1244},
	number = {D1},
	journal = {Nucleic Acids Research},
	author = {Cole, James R. and Wang, Qiong and Fish, Jordan A. and Chai, Benli and McGarrell, Donna M. and Sun, Yanni and Brown, C. Titus and Porras-Alfaro, Andrea and Kuske, Cheryl R. and Tiedje, James M.},
	month = jan,
	year = {2014},
	%note = {WOS:000331139800093},
	pages = {D633--D642}
}

@article{crabbe_transcriptional_2011,
	title = {Transcriptional and {Proteomic} {Responses} of {Pseudomonas} aeruginosa {PAO}1 to {Spaceflight} {Conditions} {Involve} {Hfq} {Regulation} and {Reveal} a {Role} for {Oxygen}},
	volume = {77},
	issn = {0099-2240},
	doi = {10.1128/AEM.01582-10},
	number = {4},
	journal = {Applied and Environmental Microbiology},
	author = {Crabbe, Aurelie and Schurr, Michael J. and Monsieurs, Pieter and Morici, Lisa and Schurr, Jill and Wilson, James W. and Ott, C. Mark and Tsaprailis, George and Pierson, Duane L. and Stefanyshyn-Piper, Heidi and Nickerson, Cheryl A.},
	month = feb,
	year = {2011},
	%note = {WOS:000287078100009},
	pages = {1221--1230}
}

@article{dunitz_swabs_2015,
	title = {Swabs to genomes: a comprehensive workflow},
	volume = {3},
	issn = {2167-8359},
	doi = {10.7717/peerj.960},
	journal = {Peerj},
	author = {Dunitz, Madison I. and Lang, Jenna M. and Jospin, Guillaume and Darling, Aaron E. and Eisen, Jonathan A. and Coil, David A.},
	month = may,
	year = {2015},
	%note = {WOS:000354614400002},
	pages = {e960}
}

@article{hammond_effects_2013,
	title = {Effects of {Microgravity} on the {Virulence} of {Listeria} monocytogenes, {Enterococcus} faecalis, {Candida} albicans, and {Methicillin}-{Resistant} {Staphylococcus} aureus},
	volume = {13},
	issn = {1531-1074},
	doi = {10.1089/ast.2013.0986},
	number = {11},
	journal = {Astrobiology},
	author = {Hammond, Timothy G. and Stodieck, Louis and Birdsall, Holly H. and Becker, Jeanne L. and Koenig, Paul and Hammond, Jeffrey S. and Gunter, Margaret A. and Allen, Patricia L.},
	month = nov,
	year = {2013},
	%note = {WOS:000327434900006},
	pages = {1081--1090}
}

@article{ichinohe_microbiota_2011,
	title = {Microbiota regulates immune defense against respiratory tract influenza {A} virus infection},
	volume = {108},
	issn = {0027-8424},
	doi = {10.1073/pnas.1019378108},
	number = {13},
	journal = {Proceedings of the National Academy of Sciences of the United States of America},
	author = {Ichinohe, Takeshi and Pang, Iris K. and Kumamoto, Yosuke and Peaper, David R. and Ho, John H. and Murray, Thomas S. and Iwasaki, Akiko},
	month = mar,
	year = {2011},
	%note = {WOS:000288894800044},
	pages = {5354--5359}
}

@article{juergensmeyer_long-term_1999,
	title = {Long-term exposure to spaceflight conditions affects bacterial response to antibiotics},
	volume = {12},
	issn = {0938-0108},
	number = {1},
	journal = {Microgravity Science and Technology},
	author = {Juergensmeyer, M. A. and Juergensmeyer, E. A. and Guikema, J. A.},
	year = {1999},
	%note = {WOS:000084227900006},
	pages = {41--47}
}

@article{kearse_geneious_2012,
	title = {Geneious {Basic}: {An} integrated and extendable desktop software platform for the organization and analysis of sequence data},
	volume = {28},
	issn = {1367-4803},
	doi = {10.1093/bioinformatics/bts199},
	number = {12},
	journal = {Bioinformatics},
	author = {Kearse, Matthew and Moir, Richard and Wilson, Amy and Stones-Havas, Steven and Cheung, Matthew and Sturrock, Shane and Buxton, Simon and Cooper, Alex and Markowitz, Sidney and Duran, Chris and Thierer, Tobias and Ashton, Bruce and Meintjes, Peter and Drummond, Alexei},
	month = jun,
	year = {2012},
	%note = {WOS:000305419800052},
	pages = {1647--1649}
}

@article{kim_effect_2013,
	title = {Effect of spaceflight on {Pseudomonas} aeruginosa final cell density is modulated by nutrient and oxygen availability},
	volume = {13},
	issn = {1471-2180},
	doi = {10.1186/1471-2180-13-241},
	journal = {Bmc Microbiology},
	author = {Kim, Wooseong and Tengra, Farah K. and Shong, Jasmine and Marchand, Nicholas and Chan, Hon Kit and Young, Zachary and Pangule, Ravindra C. and Parra, Macarena and Dordick, Jonathan S. and Plawsky, Joel L. and Collins, Cynthia H.},
	month = nov,
	year = {2013},
	%note = {WOS:000328853400001},
	pages = {241}
}

@article{kim_spaceflight_2013,
	title = {Spaceflight {Promotes} {Biofilm} {Formation} by {Pseudomonas} aeruginosa},
	volume = {8},
	issn = {1932-6203},
	doi = {10.1371/journal.pone.0062437},
	number = {4},
	journal = {Plos One},
	author = {Kim, Wooseong and Tengra, Farah K. and Young, Zachary and Shong, Jasmine and Marchand, Nicholas and Chan, Hon Kit and Pangule, Ravindra C. and Parra, Macarena and Dordick, Jonathan S. and Plawsky, Joel L. and Collins, Cynthia H.},
	month = apr,
	year = {2013},
	%note = {WOS:000321662800045},
	pages = {e62437}
}

@article{klaus_investigation_1997,
	title = {Investigation of space flight effects on {Escherichia} coli and a proposed model of underlying physical mechanisms},
	volume = {143},
	issn = {1350-0872},
	journal = {Microbiology-Sgm},
	author = {Klaus, D. and Simske, S. and Todd, P. and Stodieck, L.},
	month = feb,
	year = {1997},
	%note = {WOS:A1997WH22500020},
	pages = {449--455}
}

@article{klaus_antibiotic_2006,
	title = {Antibiotic efficacy and microbial virulence during space flight},
	volume = {24},
	issn = {0167-7799},
	doi = {10.1016/j.tibtech.2006.01.008},
	number = {3},
	journal = {Trends in Biotechnology},
	author = {Klaus, D. M. and Howard, H. N.},
	month = mar,
	year = {2006},
	%note = {WOS:000236533400008},
	pages = {131--136}
}

@article{lam_effect_2002,
	title = {The effect of space flight on the production of actinomycin {D} by {Streptomyces} plicatus},
	volume = {29},
	issn = {1367-5435},
	doi = {10.1038/sj.jim.7000312},
	number = {6},
	journal = {Journal of Industrial Microbiology \& Biotechnology},
	author = {Lam, K. and Gustavson, D. R. and Pirnik, D. L. and Pack, E. and Bulanhagui, C. and Mamber, S. W. and Forenza, S. and Stodieck, L. S. and Klaus, D. M.},
	month = dec,
	year = {2002},
	%note = {WOS:000179829100001},
	pages = {299--302}
}

@article{mclean_bacterial_2001,
	title = {Bacterial biofilm formation under microgravity conditions},
	volume = {195},
	issn = {0378-1097},
	doi = {10.1111/j.1574-6968.2001.tb10507.x},
	number = {2},
	journal = {Fems Microbiology Letters},
	author = {McLean, R. J. C. and Cassanto, J. M. and Barnes, M. B. and Koo, J. H.},
	month = feb,
	year = {2001},
	%note = {WOS:000167087600001},
	pages = {115--119}
}

@article{moissl_molecular_2007,
	title = {Molecular microbial community structure of the {Regenerative} {Enclosed} {Life} {Support} {Module} {Simulator} air system},
	volume = {6},
	issn = {1473-5504},
	doi = {10.1017/S1473550406003533},
	number = {2},
	journal = {International Journal of Astrobiology},
	author = {Moissl, Christine and Hosoya, Naofumi and Bruckner, James and Stuecker, Tara and Roman, Monsi and Venkateswaran, Kasthuri},
	month = apr,
	year = {2007},
	%note = {WOS:000207618000005},
	pages = {131--145}
}

@article{nickerson_microgravity_2000,
	title = {Microgravity as a novel environmental signal affecting {Salmonella} enterica serovar {Typhimurium} virulence},
	volume = {68},
	issn = {0019-9567},
	doi = {10.1128/IAI.68.6.3147-3152.2000},
	number = {6},
	journal = {Infection and Immunity},
	author = {Nickerson, C. A. and Ott, C. M. and Mister, S. J. and Morrow, B. J. and Burns-Keliher, L. and Pierson, D. L.},
	month = jun,
	year = {2000},
	%note = {WOS:000087167900012},
	pages = {3147--3152}
}

@article{reeves_interplay_2011,
	title = {The interplay between microbiome dynamics and pathogen dynamics in a murine model of {Clostridium} difficile {Infection}.},
	volume = {2},
	number = {3},
	journal = {Gut microbes},
	author = {Reeves, Angela E. and Theriot, Casey M. and Bergin, Ingrid L. and Huffnagle, Gary B. and Schloss, Patrick D. and Young, Vincent B.},
	month = jun,
	year = {2011},
	note = {MEDLINE:21804357},
	pages = {145--58}
}

@article{schuijt_gut_2016,
	title = {The gut microbiota plays a protective role in the host defence against pneumococcal pneumonia},
	volume = {65},
	issn = {0017-5749},
	doi = {10.1136/gutjnl-2015-309728},
	number = {4},
	journal = {Gut},
	author = {Schuijt, Tim J. and Lankelma, Jacqueline M. and Scicluna, Brendon P. and e Melo, Felipe de Sousa and Roelofs, Joris J. T. H. and de Boer, J. Daan and Hoogendijk, Arjan J. and de Beer, Regina and de Vos, Alex and Belzer, Clara and de Vos, Willem M. and van der Poll, Tom and Wiersinga, W. Joost},
	month = apr,
	year = {2016},
	%note = {WOS:000372171100007},
	pages = {575--583}
}

@article{van_rensburg_human_2015,
	title = {The {Human} {Skin} {Microbiome} {Associates} with the {Outcome} of and {Is} {Influenced} by {Bacterial} {Infection}},
	volume = {6},
	issn = {2150-7511},
	doi = {10.1128/mBio.01315-15},
	number = {5},
	journal = {Mbio},
	author = {van Rensburg, Julia J. and Lin, Huaiying and Gao, Xiang and Toh, Evelyn and Fortney, Kate R. and Ellinger, Sheila and Zwickl, Beth and Janowicz, Diane M. and Katz, Barry P. and Nelson, David E. and Dong, Qunfeng and Spinola, Stanley M.},
	month = oct,
	year = {2015},
	%note = {WOS:000364523100036},
	pages = {e01315--15}
}

@article{venkateswaran_international_2014,
	title = {International {Space} {Station} environmental microbiome - microbial inventories of {ISS} filter debris},
	volume = {98},
	issn = {0175-7598},
	doi = {10.1007/s00253-014-5650-6},
	number = {14},
	journal = {Applied Microbiology and Biotechnology},
	author = {Venkateswaran, Kasthuri and Vaishampayan, Parag and Cisneros, Jessica and Pierson, Duane L. and Rogers, Scott O. and Perry, Jay},
	month = jul,
	year = {2014},
	%note = {WOS:000338237400025},
	pages = {6453--6466}
}