@article{anders2010differential,
  title={Differential expression analysis for sequence count data},
  author={Anders, Simon and Huber, Wolfgang},
  journal={Genome biology},
  volume={11},
  number={10},
  pages={R106},
  year={2010},
  publisher={BioMed Central}
}

@book{clarke2006primer,
  title={PRIMER V6: user manual-tutorial},
  author={Clarke, K Robert and Gorley, Raymond N},
  year={2006},
  publisher={Plymouth Marine Laboratory}
}

@book{sheppard1999ecology,
  title={Ecology of the Chagos Archipelago},
  author={Sheppard, C.R.C. and Seaward, M.R.D. and Linnean Society of London},
  isbn={9781841030036},
  series={Linnean Society Occasional Publications},
  url={https://books.google.com/books?id=BabvPQAACAAJ},
  year={1999},
  publisher={Westbury for the Linnean Society of London}
}

@book{macarthur1967theory,
  title={Theory of Island Biogeography},
  author={MacArthur, R.H. and Wilson, E.O.},
  isbn={9781400875368},
  series={Monographs in Population Biology},
  url={https://books.google.com/books?id=YBDWCgAAQBAJ},
  year={1967},
  publisher={Princeton University Press}
}

@article{mazard2012dissecting,
  title={Dissecting the physiological response to phosphorus stress in marine synechococcus isolates (cyanophyceae) 1},
  author={Mazard, Sophie and Wilson, William H and Scanlan, Dave J},
  journal={Journal of phycology},
  volume={48},
  number={1},
  pages={94--105},
  year={2012},
  publisher={Wiley Online Library}
}

@article{resplandy2009seasonal,
  title={Seasonal and intraseasonal biogeochemical variability in the thermocline ridge of the southern tropical Indian Ocean},
  author={Resplandy, Laure and Vialard, J{\'e}r{\^o}me and L{\'e}vy, Marina and Aumont, Olivier and Dandonneau, Yves},
  journal={Journal of Geophysical Research: Oceans},
  volume={114},
  number={C7},
  year={2009},
  publisher={Wiley Online Library}
}

@article{sheppard2012reefs,
  title={Reefs and islands of the Chagos Archipelago, Indian Ocean: why it is the world's largest no-take marine protected area},
  author={Sheppard, Charles RC and Ateweberhan, Mebs and Bowen, BW and Carr, P and Chen, Chaolun Allen and Clubbe, C and Craig, MT and Ebinghaus, R and Eble, J and Fitzsimmons, N and others},
  journal={Aquatic Conservation: marine and freshwater ecosystems},
  volume={22},
  number={2},
  pages={232--261},
  year={2012},
  publisher={Wiley Online Library}
}

@online{marineregions,
    title = {Longhurst biogeographical provinces},
    author = {VLIZ},
    year = {2009},
    url = {http://www.marineregions.org/},
    urldate = {2015-04-16}
}

@article{agogue_water_2011,
	title = {Water mass-specificity of bacterial communities in the {North} {Atlantic} revealed by massively parallel sequencing},
	volume = {20},
	issn = {0962-1083},
	doi = {10.1111/j.1365-294X.2010.04932.x},
	number = {2},
	journal = {Molecular Ecology},
	author = {Agogue, Helene and Lamy, Dominique and Neal, Phillip R. and Sogin, Mitchell L. and Herndl, Gerhard J.},
	month = jan,
	year = {2011},
	%note = {WOS:000285970200008},
	pages = {258--274}
}

@article{alikhan_blast_2011,
	title = {{BLAST} {Ring} {Image} {Generator} ({BRIG}): simple prokaryote genome comparisons},
	volume = {12},
	issn = {1471-2164},
	doi = {10.1186/1471-2164-12-402},
	journal = {Bmc Genomics},
	author = {Alikhan, Nabil-Fareed and Petty, Nicola K. and Ben Zakour, Nouri L. and Beatson, Scott A.},
	month = aug,
	year = {2011},
	%note = {WOS:000294427100001},
	pages = {402}
}

@article{bowler_genetics_2014,
	title = {{GENETICS} {Being} {Selective} in the {Prochlorococcus} {Collective}},
	volume = {344},
	issn = {0036-8075},
	doi = {10.1126/science.1253817},
	number = {6182},
	journal = {Science},
	author = {Bowler, Chris and Scanlan, David J.},
	month = apr,
	year = {2014},
	%note = {WOS:000334867800025},
	pages = {366--367}
}

@article{brown_microbial_2009,
	title = {Microbial community structure in the {North} {Pacific} ocean},
	volume = {3},
	issn = {1751-7362},
	doi = {10.1038/ismej.2009.86},
	number = {12},
	journal = {Isme Journal},
	author = {Brown, Mark V. and Philip, Gayle K. and Bunge, John A. and Smith, Matthew C. and Bissett, Andrew and Lauro, Federico M. and Fuhrman, Jed A. and Donachie, Stuart P.},
	month = dec,
	year = {2009},
	%note = {WOS:000272500800005},
	pages = {1374--1386}
}

@article{brown_trait_2014,
	title = {A trait based perspective on the biogeography of common and abundant marine bacterioplankton clades},
	volume = {15},
	issn = {1874-7787},
	doi = {10.1016/j.margen.2014.03.002},
	journal = {Marine Genomics},
	author = {Brown, Mark V. and Ostrowski, Martin and Grzymski, Joseph J. and Lauro, Federico M.},
	month = jun,
	year = {2014},
	%note = {WOS:000338606500007},
	pages = {17--28}
}

@article{brown_global_2012,
	title = {Global biogeography of {SAR}11 marine bacteria},
	volume = {8},
	issn = {1744-4292},
	doi = {10.1038/msb.2012.28},
	journal = {Molecular Systems Biology},
	author = {Brown, Mark V. and Lauro, Federico M. and DeMaere, Matthew Z. and Muir, Les and Wilkins, David and Thomas, Torsten and Riddle, Martin J. and Fuhrman, Jed A. and Andrews-Pfannkoch, Cynthia and Hoffman, Jeffrey M. and McQuaid, Jeffrey B. and Allen, Andrew and Rintoul, Stephen R. and Cavicchioli, Ricardo},
	month = jul,
	year = {2012},
	%note = {WOS:000307174800005},
	pages = {595}
}

@article{buchfink_fast_2015,
	title = {Fast and sensitive protein alignment using {DIAMOND}},
	volume = {12},
	issn = {1548-7091},
	number = {1},
	journal = {Nature Methods},
	author = {Buchfink, Benjamin and Xie, Chao and Huson, Daniel H.},
	month = jan,
	year = {2015},
	%note = {WOS:000347668600019},
	pages = {59--60}
}

@article{caporaso_qiime_2010,
	title = {{QIIME} allows analysis of high-throughput community sequencing data},
	volume = {7},
	issn = {1548-7091},
	doi = {10.1038/nmeth.f.303},
	number = {5},
	journal = {Nature Methods},
	author = {Caporaso, J. Gregory and Kuczynski, Justin and Stombaugh, Jesse and Bittinger, Kyle and Bushman, Frederic D. and Costello, Elizabeth K. and Fierer, Noah and Pena, Antonio Gonzalez and Goodrich, Julia K. and Gordon, Jeffrey I. and Huttley, Gavin A. and Kelley, Scott T. and Knights, Dan and Koenig, Jeremy E. and Ley, Ruth E. and Lozupone, Catherine A. and McDonald, Daniel and Muegge, Brian D. and Pirrung, Meg and Reeder, Jens and Sevinsky, Joel R. and Tumbaugh, Peter J. and Walters, William A. and Widmann, Jeremy and Yatsunenko, Tanya and Zaneveld, Jesse and Knight, Rob},
	month = may,
	year = {2010},
	%note = {WOS:000277175100003},
	pages = {335--336}
}

@article{charpy_picophytoplankton_1999,
	title = {Picophytoplankton biomass, community structure and productivity in the {Great} {Astrolabe} {Lagoon}, {Fiji}},
	volume = {18},
	issn = {0722-4028},
	doi = {10.1007/s003380050190},
	number = {3},
	journal = {Coral Reefs},
	author = {Charpy, L. and Blanchot, J.},
	month = sep,
	year = {1999},
	%note = {WOS:000082906500010},
	pages = {255--262}
}

@article{charpy_importance_2005,
	title = {Importance of photosynthetic picoplankton in coral reef ecosystems},
	volume = {55},
	issn = {0240-8759},
	number = {3-4},
	journal = {Vie Et Milieu-Life and Environment},
	author = {Charpy, L.},
	month = dec,
	year = {2005},
	%note = {WOS:000235757200006},
	pages = {217--223}
}

@article{clarke_nonparametric_1993,
	title = {{NONPARAMETRIC} {MULTIVARIATE} {ANALYSES} {OF} {CHANGES} {IN} {COMMUNITY} {STRUCTURE}},
	volume = {18},
	issn = {0307-692X},
	doi = {10.1111/j.1442-9993.1993.tb00438.x},
	number = {1},
	journal = {Australian Journal of Ecology},
	author = {CLARKE, KR},
	month = mar,
	year = {1993},
	%note = {WOS:A1993LW46000008},
	pages = {117--143}
}

@article{delong_light-driven_2010,
	title = {The {Light}-{Driven} {Proton} {Pump} {Proteorhodopsin} {Enhances} {Bacterial} {Survival} during {Tough} {Times}},
	volume = {8},
	issn = {1544-9173},
	doi = {10.1371/journal.pbio.1000359},
	number = {4},
	journal = {Plos Biology},
	author = {DeLong, Edward F. and Beja, Oded},
	month = apr,
	year = {2010},
	%note = {WOS:000278125500012},
	pages = {e1000359}
}

@article{dinsdale_microbial_2008,
	title = {Microbial {Ecology} of {Four} {Coral} {Atolls} in the {Northern} {Line} {Islands}},
	volume = {3},
	issn = {1932-6203},
	doi = {10.1371/journal.pone.0001584},
	number = {2},
	journal = {Plos One},
	author = {Dinsdale, Elizabeth A. and Pantos, Olga and Smriga, Steven and Edwards, Robert A. and Angly, Florent and Wegley, Linda and Hatay, Mark and Hall, Dana and Brown, Elysa and Haynes, Matthew and Krause, Lutz and Sala, Enric and Sandin, Stuart A. and Thurber, Rebecca Vega and Willis, Bette L. and Azam, Farooq and Knowlton, Nancy and Rohwer, Forest},
	month = feb,
	year = {2008},
	%note = {WOS:000260586500002},
	pages = {e1584}
}

@article{dupont_genomic_2012,
	title = {Genomic insights to {SAR}86, an abundant and uncultivated marine bacterial lineage},
	volume = {6},
	issn = {1751-7362},
	doi = {10.1038/ismej.2011.189},
	number = {6},
	journal = {Isme Journal},
	author = {Dupont, Chris L. and Rusch, Douglas B. and Yooseph, Shibu and Lombardo, Mary-Jane and Richter, R. Alexander and Valas, Ruben and Novotny, Mark and Yee-Greenbaum, Joyclyn and Selengut, Jeremy D. and Haft, Dan H. and Halpern, Aaron L. and Lasken, Roger S. and Nealson, Kenneth and Friedman, Robert and Venter, J. Craig},
	month = jun,
	year = {2012},
	%note = {WOS:000304047800011},
	pages = {1186--1199}
}

@article{edgar_search_2010,
	title = {Search and clustering orders of magnitude faster than {BLAST}},
	volume = {26},
	issn = {1367-4803},
	doi = {10.1093/bioinformatics/btq461},
	number = {19},
	journal = {Bioinformatics},
	author = {Edgar, Robert C.},
	month = oct,
	year = {2010},
	%note = {WOS:000282170000016},
	pages = {2460--2461}
}

@article{elmqvist_response_2003,
	title = {Response diversity, ecosystem change, and resilience},
	volume = {1},
	issn = {1540-9295},
	doi = {10.2307/3868116},
	number = {9},
	journal = {Frontiers in Ecology and the Environment},
	author = {Elmqvist, T. and Folke, C. and Nystrom, M. and Peterson, G. and Bengtsson, J. and Walker, B. and Norberg, J.},
	month = nov,
	year = {2003},
	%note = {WOS:000221791600016},
	pages = {488--494}
}

@article{friedline_bacterial_2012,
	title = {Bacterial assemblages of the eastern {Atlantic} {Ocean} reveal both vertical and latitudinal biogeographic signatures},
	volume = {9},
	issn = {1726-4170},
	doi = {10.5194/bg-9-2177-2012},
	number = {6},
	journal = {Biogeosciences},
	author = {Friedline, C. J. and Franklin, R. B. and McCallister, S. L. and Rivera, M. C.},
	year = {2012},
	%note = {WOS:000305830000016},
	pages = {2177--2193}
}

@article{galand_unique_2009,
	title = {Unique archaeal assemblages in the {Arctic} {Ocean} unveiled by massively parallel tag sequencing},
	volume = {3},
	issn = {1751-7362},
	doi = {10.1038/ismej.2009.23},
	number = {7},
	journal = {Isme Journal},
	author = {Galand, Pierre E. and Casamayor, Emilio O. and Kirchman, David L. and Potvin, Marianne and Lovejoy, Connie},
	month = jul,
	year = {2009},
	%note = {WOS:000267818100011},
	pages = {860--869}
}

@article{gomez-pereira_distinct_2010,
	title = {Distinct flavobacterial communities in contrasting water masses of the {North} {Atlantic} {Ocean}},
	volume = {4},
	issn = {1751-7362},
	doi = {10.1038/ismej.2009.142},
	number = {4},
	journal = {Isme Journal},
	author = {Gomez-Pereira, Paola R. and Fuchs, Bernhard M. and Alonso, Cecilia and Oliver, Matthew J. and van Beusekom, Justus E. E. and Amann, Rudolf},
	month = apr,
	year = {2010},
	%note = {WOS:000275851100003},
	pages = {472--487}
}

@article{guillou_protist_2013,
	title = {The {Protist} {Ribosomal} {Reference} database ({PR}2): a catalog of unicellular eukaryote {Small} {Sub}-{Unit} {rRNA} sequences with curated taxonomy},
	volume = {41},
	issn = {0305-1048},
	doi = {10.1093/nar/gks1160},
	number = {D1},
	journal = {Nucleic Acids Research},
	author = {Guillou, Laure and Bachar, Dipankar and Audic, Stephane and Bass, David and Berney, Cedric and Bittner, Lucie and Boutte, Christophe and Burgaud, Gaetan and de Vargas, Colomban and Decelle, Johan and del Campo, Javier and Dolan, John R. and Dunthorn, Micah and Edvardsen, Bente and Holzmann, Maria and Kooistra, Wiebe H. C. F. and Lara, Enrique and Le Bescot, Noan and Logares, Ramiro and Mahe, Frederic and Massana, Ramon and Montresor, Marina and Morard, Raphael and Not, Fabrice and Pawlowski, Jan and Probert, Ian and Sauvadet, Anne-Laure and Siano, Raffaele and Stoeck, Thorsten and Vaulot, Daniel and Zimmermann, Pascal and Christen, Richard},
	month = jan,
	year = {2013},
	%note = {WOS:000312893300085},
	pages = {D597--D604}
}

@article{hellweger_biogeographic_2014,
	title = {Biogeographic patterns in ocean microbes emerge in a neutral agent-based model},
	volume = {345},
	issn = {0036-8075},
	doi = {10.1126/science.1254421},
	number = {6202},
	journal = {Science},
	author = {Hellweger, Ferdi L. and van Sebille, Erik and Fredrick, Neil D.},
	month = sep,
	year = {2014},
	%note = {WOS:000341483800065},
	pages = {1346--1349}
}

@article{huang_novel_2012,
	title = {Novel lineages of {Prochlorococcus} and {Synechococcus} in the global oceans},
	volume = {6},
	issn = {1751-7362},
	doi = {10.1038/ismej.2011.106},
	number = {2},
	journal = {Isme Journal},
	author = {Huang, Sijun and Wilhelm, Steven W. and Harvey, H. Rodger and Taylor, Karen and Jiao, Nianzhi and Chen, Feng},
	month = feb,
	year = {2012},
	%note = {WOS:000300984200007},
	pages = {285--297}
}

@article{jeffries_increases_2012,
	title = {Increases in the abundance of microbial genes encoding halotolerance and photosynthesis along a sediment salinity gradient},
	volume = {9},
	issn = {1726-4170},
	doi = {10.5194/bg-9-815-2012},
	number = {2},
	journal = {Biogeosciences},
	author = {Jeffries, T. C. and Seymour, J. R. and Newton, K. and Smith, R. J. and Seuront, L. and Mitchell, J. G.},
	year = {2012},
	%note = {WOS:000300877400014},
	pages = {815--825}
}

@article{jeffries_substrate_2011,
	title = {Substrate {Type} {Determines} {Metagenomic} {Profiles} from {Diverse} {Chemical} {Habitats}},
	volume = {6},
	issn = {1932-6203},
	doi = {10.1371/journal.pone.0025173},
	number = {9},
	journal = {Plos One},
	author = {Jeffries, Thomas C. and Seymour, Justin R. and Gilbert, Jack A. and Dinsdale, Elizabeth A. and Newton, Kelly and Leterme, Sophie S. C. and Roudnew, Ben and Smith, Renee J. and Seuront, Laurent and Mitchell, James G.},
	month = sep,
	year = {2011},
	%note = {WOS:000295267100023},
	pages = {e25173}
}

@article{kanehisa_kegg:_2000,
	title = {{KEGG}: {Kyoto} {Encyclopedia} of {Genes} and {Genomes}},
	volume = {28},
	issn = {0305-1048},
	doi = {10.1093/nar/28.1.27},
	number = {1},
	journal = {Nucleic Acids Research},
	author = {Kanehisa, M. and Goto, S.},
	month = jan,
	year = {2000},
	%note = {WOS:000084896300007},
	pages = {27--30}
}

@article{kao_diel_2005,
	title = {Diel infection of a cyanobacterium by a contractile bacteriophage},
	volume = {71},
	issn = {0099-2240},
	doi = {10.1128/AEM.71.8.4276-4279.2005},
	number = {8},
	journal = {Applied and Environmental Microbiology},
	author = {Kao, C. C. and Green, S. and Stein, B. and Golden, S. S.},
	month = aug,
	year = {2005},
	%note = {WOS:000231165500017},
	pages = {4276--4279}
}

@article{kristensen_orthologous_2013,
	title = {Orthologous {Gene} {Clusters} and {Taxon} {Signature} {Genes} for {Viruses} of {Prokaryotes}},
	volume = {195},
	issn = {0021-9193},
	doi = {10.1128/JB.01801-12},
	number = {5},
	journal = {Journal of Bacteriology},
	author = {Kristensen, David M. and Waller, Alison S. and Yamada, Takuji and Bork, Peer and Mushegian, Arcady R. and Koonin, Eugene V.},
	month = mar,
	year = {2013},
	%note = {WOS:000316961400004},
	pages = {941--950}
}

@article{langmead_fast_2012,
	title = {Fast gapped-read alignment with {Bowtie} 2},
	volume = {9},
	issn = {1548-7091},
	doi = {10.1038/NMETH.1923},
	number = {4},
	journal = {Nature Methods},
	author = {Langmead, Ben and Salzberg, Steven L.},
	month = apr,
	year = {2012},
	%note = {WOS:000302218500017},
	pages = {357--U54}
}

@article{lauro_common_2014,
	title = {The {Common} {Oceanographer}: {Crowdsourcing} the {Collection} of {Oceanographic} {Data}},
	volume = {12},
	issn = {1545-7885},
	doi = {10.1371/journal.pbio.1001947},
	number = {9},
	journal = {Plos Biology},
	author = {Lauro, Federico M. and Senstius, Svend Jacob and Cullen, Jay and Neches, Russell and Jensen, Rachelle M. and Brown, Mark V. and Darling, Aaron E. and Givskov, Michael and McDougald, Diane and Hoeke, Ron and Ostrowski, Martin and Philip, Gayle K. and Paulsen, Ian T. and Grzymski, Joseph J.},
	month = sep,
	year = {2014},
	%note = {WOS:000342905400009},
	pages = {e1001947}
}

@article{longhurst_estimate_1995,
	title = {{AN} {ESTIMATE} {OF} {GLOBAL} {PRIMARY} {PRODUCTION} {IN} {THE} {OCEAN} {FROM} {SATELLITE} {RADIOMETER} {DATA}},
	volume = {17},
	issn = {0142-7873},
	doi = {10.1093/plankt/17.6.1245},
	number = {6},
	journal = {Journal of Plankton Research},
	author = {LONGHURST, A. and SATHYENDRANATH, S. and PLATT, T. and CAVERHILL, C.},
	month = jun,
	year = {1995},
	%note = {WOS:A1995RL65700006},
	pages = {1245--1271}
}

@article{lozupone_unifrac:_2005,
	title = {{UniFrac}: a new phylogenetic method for comparing microbial communities},
	volume = {71},
	issn = {0099-2240},
	doi = {10.1128/AEM.71.12.8228-8235.2005},
	number = {12},
	journal = {Applied and Environmental Microbiology},
	author = {Lozupone, C. and Knight, R.},
	month = dec,
	year = {2005},
	%note = {WOS:000234417600073},
	pages = {8228--8235}
}

@article{lozupone_unifrac:_2011,
	title = {{UniFrac}: an effective distance metric for microbial community comparison},
	volume = {5},
	issn = {1751-7362},
	doi = {10.1038/ismej.2010.133},
	number = {2},
	journal = {Isme Journal},
	author = {Lozupone, Catherine and Lladser, Manuel E. and Knights, Dan and Stombaugh, Jesse and Knight, Rob},
	month = feb,
	year = {2011},
	%note = {WOS:000290020000002},
	pages = {169--172}
}

@article{massana_vertical_1997,
	title = {Vertical distribution and phylogenetic characterization of marine planktonic {Archaea} in the {Santa} {Barbara} {Channel}},
	volume = {63},
	issn = {0099-2240},
	number = {1},
	journal = {Applied and Environmental Microbiology},
	author = {Massana, R. and Murray, A. E. and Preston, C. M. and DeLong, E. F.},
	month = jan,
	year = {1997},
	%note = {WOS:A1997WA16800009},
	pages = {50--56}
}

@article{mazard_multi-locus_2012,
	title = {Multi-locus sequence analysis, taxonomic resolution and biogeography of marine {Synechococcus}},
	volume = {14},
	issn = {1462-2912},
	doi = {10.1111/j.1462-2920.2011.02514.x},
	number = {2},
	journal = {Environmental Microbiology},
	author = {Mazard, Sophie and Ostrowski, Martin and Partensky, Frederic and Scanlan, David J.},
	month = feb,
	year = {2012},
	%note = {WOS:000302539300007},
	pages = {372--386}
}

@article{mcclain_decade_2009,
	title = {A {Decade} of {Satellite} {Ocean} {Color} {Observations}},
	volume = {1},
	issn = {1941-1405},
	doi = {10.1146/annurev.marine.010908.163650},
	journal = {Annual Review of Marine Science},
	author = {McClain, Charles R.},
	year = {2009},
	%note = {WOS:000267421700002},
	pages = {19--42}
}

@article{mendonca_is_2012,
	title = {Is {There} a {Seamount} {Effect} on {Microbial} {Community} {Structure} and {Biomass}? {The} {Case} {Study} of {Seine} and {Sedlo} {Seamounts} ({Northeast} {Atlantic})},
	volume = {7},
	issn = {1932-6203},
	doi = {10.1371/journal.pone.0029526},
	number = {1},
	journal = {Plos One},
	author = {Mendonca, Ana and Aristegui, Javier and Carlos Vilas, Juan and Fernanda Montero, Maria and Ojeda, Alicia and Espino, Minerva and Martins, Ana},
	month = jan,
	year = {2012},
	%note = {WOS:000299771900016},
	pages = {e29526}
}

@article{mou_genes_2010,
	title = {Genes for transport and metabolism of spermidine in {Ruegeria} pomeroyi {DSS}-3 and other marine bacteria},
	volume = {58},
	issn = {0948-3055},
	doi = {10.3354/ame01367},
	number = {3},
	journal = {Aquatic Microbial Ecology},
	author = {Mou, Xiaozhen and Sun, Shulei and Rayapati, Pratibha and Moran, Mary Ann},
	year = {2010},
	%note = {WOS:000275496100009},
	pages = {311--321}
}

@article{mou_metatranscriptomic_2011,
	title = {Metatranscriptomic signature of exogenous polyamine utilization by coastal bacterioplankton},
	volume = {3},
	issn = {1758-2229},
	doi = {10.1111/j.1758-2229.2011.00289.x},
	number = {6},
	journal = {Environmental Microbiology Reports},
	author = {Mou, Xiaozhen and Vila-Costa, Maria and Sun, Shulei and Zhao, Weidong and Sharma, Shalabh and Moran, Mary Ann},
	month = dec,
	year = {2011},
	%note = {WOS:000297148800021},
	pages = {798--806}
}

@article{oren_microbial_2008,
	title = {Microbial life at high salt concentrations: phylogenetic and metabolic diversity.},
	volume = {4},
	doi = {10.1186/1746-1448-4-2},
	journal = {Saline systems},
	author = {Oren, Aharon},
	month = apr,
	year = {2008},
	note = {MEDLINE:18412960},
	pages = {2--2}
}

@article{paul_prophages_2008,
	title = {Prophages in marine bacteria: dangerous molecular time bombs or the key to survival in the seas?},
	volume = {2},
	issn = {1751-7362},
	doi = {10.1038/ismej.2008.35},
	number = {6},
	journal = {Isme Journal},
	author = {Paul, John H.},
	month = jun,
	year = {2008},
	%note = {WOS:000256753700002},
	pages = {579--589}
}

@article{price_fasttree_2010,
	title = {{FastTree} 2-{Approximately} {Maximum}-{Likelihood} {Trees} for {Large} {Alignments}},
	volume = {5},
	issn = {1932-6203},
	doi = {10.1371/journal.pone.0009490},
	number = {3},
	journal = {Plos One},
	author = {Price, Morgan N. and Dehal, Paramvir S. and Arkin, Adam P.},
	month = mar,
	year = {2010},
	%note = {WOS:000275328800002},
	pages = {e9490}
}

@article{quast_silva_2013,
	title = {The {SILVA} ribosomal {RNA} gene database project: improved data processing and web-based tools},
	volume = {41},
	issn = {0305-1048},
	doi = {10.1093/nar/gks1219},
	number = {D1},
	journal = {Nucleic Acids Research},
	author = {Quast, Christian and Pruesse, Elmar and Yilmaz, Pelin and Gerken, Jan and Schweer, Timmy and Yarza, Pablo and Peplies, Joerg and Gloeckner, Frank Oliver},
	month = jan,
	year = {2013},
	%note = {WOS:000312893300084},
	pages = {D590--D596}
}

@article{riegl_human_2012,
	title = {Human {Impact} on {Atolls} {Leads} to {Coral} {Loss} and {Community} {Homogenisation}: {A} {Modeling} {Study}},
	volume = {7},
	issn = {1932-6203},
	doi = {10.1371/journal.pone.0036921},
	number = {6},
	journal = {Plos One},
	author = {Riegl, Bernhard M. and Sheppard, Charles R. C. and Purkis, Sam J.},
	month = jun,
	year = {2012},
	%note = {WOS:000305343900005},
	pages = {e36921}
}

@article{rodriguez-brito_application_2006,
	title = {An application of statistics to comparative metagenomics},
	volume = {7},
	issn = {1471-2105},
	doi = {10.1186/1471-2105-7-162},
	journal = {Bmc Bioinformatics},
	author = {Rodriguez-Brito, B. and Rohwer, F. and Edwards, R. A.},
	month = mar,
	year = {2006},
	%note = {WOS:000237982000001},
	pages = {162}
}

@article{rodriguez-valera_opinion_2009,
	title = {{OPINION} {Explaining} microbial population genomics through phage predation},
	volume = {7},
	issn = {1740-1526},
	doi = {10.1038/nrmicro2235},
	number = {11},
	journal = {Nature Reviews Microbiology},
	author = {Rodriguez-Valera, Francisco and Martin-Cuadrado, Ana-Belen and Rodriguez-Brito, Beltran and Pasic, Lejla and Thingstad, T. Frede and Rohwer, Forest and Mira, Alex},
	month = nov,
	year = {2009},
	%note = {WOS:000270824400015},
	pages = {828--836}
}

@article{rosenberg_role_2007,
	title = {The role of microorganisms in coral health, disease and evolution},
	volume = {5},
	issn = {1740-1526},
	doi = {10.1038/nrmicro1635},
	number = {5},
	journal = {Nature Reviews Microbiology},
	author = {Rosenberg, Eugene and Koren, Omry and Reshef, Leah and Efrony, Rotem and Zilber-Rosenberg, Ilana},
	month = may,
	year = {2007},
	%note = {WOS:000245832200011},
	pages = {355--362}
}

@article{schloss_introducing_2009,
	title = {Introducing mothur: {Open}-{Source}, {Platform}-{Independent}, {Community}-{Supported} {Software} for {Describing} and {Comparing} {Microbial} {Communities}},
	volume = {75},
	issn = {0099-2240},
	doi = {10.1128/AEM.01541-09},
	number = {23},
	journal = {Applied and Environmental Microbiology},
	author = {Schloss, Patrick D. and Westcott, Sarah L. and Ryabin, Thomas and Hall, Justine R. and Hartmann, Martin and Hollister, Emily B. and Lesniewski, Ryan A. and Oakley, Brian B. and Parks, Donovan H. and Robinson, Courtney J. and Sahl, Jason W. and Stres, Blaz and Thallinger, Gerhard G. and Van Horn, David J. and Weber, Carolyn F.},
	month = dec,
	year = {2009},
	%note = {WOS:000271944800028},
	pages = {7537--7541}
}

@article{sowell_transport_2009,
	title = {Transport functions dominate the {SAR}11 metaproteome at low-nutrient extremes in the {Sargasso} {Sea}},
	volume = {3},
	issn = {1751-7362},
	doi = {10.1038/ismej.2008.83},
	number = {1},
	journal = {Isme Journal},
	author = {Sowell, Sarah M. and Wilhelm, Larry J. and Norbeck, Angela D. and Lipton, Mary S. and Nicora, Carrie D. and Barofsky, Douglas F. and Carlson, Craig A. and Smith, Richard D. and Giovanonni, Stephen J.},
	month = jan,
	year = {2009},
	%note = {WOS:000262297400008},
	pages = {93--105}
}

@article{weinbauer_lysogeny_1999,
	title = {Lysogeny and prophage induction in coastal and offshore bacterial communities},
	volume = {18},
	issn = {0948-3055},
	doi = {10.3354/ame018217},
	number = {3},
	journal = {Aquatic Microbial Ecology},
	author = {Weinbauer, M. G. and Suttle, C. A.},
	month = aug,
	year = {1999},
	%note = {WOS:000082124500002},
	pages = {217--225}
}

@article{wilcox_bacterial-viruses_1994,
	title = {{BACTERIAL}-{VIRUSES} {IN} {COASTAL} {SEAWATER} - {LYTIC} {RATHER} {THAN} {LYSOGENIC} {PRODUCTION}},
	volume = {114},
	issn = {0171-8630},
	doi = {10.3354/meps114035},
	number = {1-2},
	journal = {Marine Ecology Progress Series},
	author = {WILCOX, RM and FUHRMAN, JA},
	month = nov,
	year = {1994},
	%note = {WOS:A1994PU49800004},
	pages = {35--45}
}

@article{wilkins_advection_2013,
	title = {Advection shapes {Southern} {Ocean} microbial assemblages independent of distance and environment effects},
	volume = {4},
	issn = {2041-1723},
	doi = {10.1038/ncomms3457},
	journal = {Nature Communications},
	author = {Wilkins, David and van Sebille, Erik and Rintoul, Stephen R. and Lauro, Federico M. and Cavicchioli, Ricardo},
	month = sep,
	year = {2013},
	%note = {WOS:000325533900004},
	pages = {2457}
}

@article{zhang_phosphorus_2015,
	title = {Phosphorus sequestration in the form of polyphosphate by microbial symbionts in marine sponges},
	volume = {112},
	issn = {0027-8424},
	doi = {10.1073/pnas.1423768112},
	number = {14},
	journal = {Proceedings of the National Academy of Sciences of the United States of America},
	author = {Zhang, Fan and Blasiak, Leah C. and Karolin, Jan O. and Powell, Ryan J. and Geddes, Chris D. and Hill, Russell T.},
	month = apr,
	year = {2015},
	%note = {WOS:000352287800057},
	pages = {4381--4386}
}

@article{zhao_rapsearch2:_2012,
	title = {{RAPSearch}2: a fast and memory-efficient protein similarity search tool for next-generation sequencing data},
	volume = {28},
	issn = {1367-4803},
	doi = {10.1093/bioinformatics/btr595},
	number = {1},
	journal = {Bioinformatics},
	author = {Zhao, Yongan and Tang, Haixu and Ye, Yuzhen},
	month = jan,
	year = {2012},
	%note = {WOS:000298383800021},
	pages = {125--126}
}

@article{zwirglmaier_basin-scale_2007,
	title = {Basin-scale distribution patterns lineages in the {Atlantic} {Ocean}},
	volume = {9},
	issn = {1462-2912},
	doi = {10.1111/j.1462-2920.2007.01246.x},
	number = {5},
	journal = {Environmental Microbiology},
	author = {Zwirglmaier, Katrin and Heywood, Jane L. and Chamberlain, Katie and Woodward, E. Malcolm S. and Zubkov, Mikhail V. and Scanlan, Dave J.},
	month = may,
	year = {2007},
	%note = {WOS:000246016000014},
	pages = {1278--1290}
}