@article{mcgee2016evaluating,
  title={Evaluating genomic divergence and parallelism in replicate
ecomorphs from young and old cichlid adaptive radiations},
  author={McGee, Matthew D and Neches, Russell Y and Seehausen, Ole},
  journal={Molecular ecology},
  volume={25},
  number={1},
  pages={260--268},
  year={2016},
  publisher={Wiley Online Library}
}

@article{mcgee2015pharyngeal,
  title={A pharyngeal jaw evolutionary innovation facilitated extinction in Lake Victoria cichlids},
  author={McGee, Matthew D and Borstein, Samuel R and Neches, Russell Y and Buescher, Heinz H and Seehausen, Ole and Wainwright, Peter C},
  journal={Science},
  volume={350},
  number={6264},
  pages={1077--1079},
  year={2015},
  publisher={American Association for the Advancement of Science}
}

@article{jiang2012functional,
  title={Functional biogeography of ocean microbes revealed through non-negative matrix factorization},
  author={Jiang, Xingpeng and Langille, Morgan GI and Neches, Russell Y and Elliot, Marie and Levin, Simon A and Eisen, Jonathan A and Weitz, Joshua S and Dushoff, Jonathan},
  journal={PLoS One},
  volume={7},
  number={9},
  pages={e43866},
  year={2012},
  publisher={Public Library of Science}
}

@article{lauro2014common,
  title={The common oceanographer: crowdsourcing the collection of oceanographic data},
  author={Lauro, Federico M and Senstius, Svend Jacob and Cullen, Jay and Neches, Russell and Jensen, Rachelle M and Brown, Mark V and Darling, Aaron E and Givskov, Michael and McDougald, Diane and Hoeke, Ron and others},
  journal={PLoS biology},
  volume={12},
  number={9},
  pages={e1001947},
  year={2014},
  publisher={Public Library of Science}
}

@article{jeffries2015spatially,
  title={Spatially extensive microbial biogeography of the Indian Ocean provides insights into the unique community structure of a pristine coral atoll},
  author={Jeffries, Thomas C and Ostrowski, Martin and Williams, Rohan B and Xie, Chao and Jensen, Rachelle M and Grzymski, Joseph J and Senstius, Svend Jacob and Givskov, Michael and Hoeke, Ron and Philip, Gayle K and others},
  journal={Scientific reports},
  volume={5},
  pages={15383},
  year={2015},
  publisher={Nature Publishing Group}
}

@article{wilbanks2012workflow,
  title={A workflow for genome-wide mapping of archaeal transcription factors with ChIP-seq},
  author={Wilbanks, Elizabeth G and Larsen, David J and Neches, Russell Y and Yao, Andrew I and Wu, Chia-Ying and Kjolby, Rachel AS and Facciotti, Marc T},
  journal={Nucleic acids research},
  volume={40},
  number={10},
  pages={e74--e74},
  year={2012},
  publisher={Oxford University Press}
}

@techreport{neches2014fit,
  title={In a fit of pique: Analyzing microbial ChIP-Seq data with Pique},
  author={Neches, Russell Y and Seitzer, Phillip M and Wilbanks, Elizabeth G and Facciotti, Marc T},
  year={2014},
  institution={PeerJ PrePrints}
}

@article{neches2016intrinsic,
  title={On the intrinsic sterility of 3D printing},
  author={Neches, Russell Y and Flynn, Kaitlin J and Zaman, Luis and Tung, Emily and Pudlo, Nicholas},
  journal={PeerJ},
  volume={4},
  pages={e2661},
  year={2016},
  publisher={PeerJ Inc.}
}

@article{coil2016growth,
  title={Growth of 48 built environment bacterial isolates on board the International Space Station (ISS)},
  author={Coil, David A and Neches, Russell Y and Lang, Jenna M and Brown, Wendy E and Severance, Mark and Cavalier, Darlene and Eisen, Jonathan A},
  journal={PeerJ},
  volume={4},
  pages={e1842},
  year={2016},
  publisher={PeerJ Inc.}
}