@article{giovannoni1990genetic,
  title={Genetic diversity in Sargasso Sea bacterioplankton},
  author={Giovannoni, Stephen J and Britschgi, Theresa B and Moyer, Craig L and Field, Katharine G},
  journal={Nature},
  volume={345},
  number={6270},
  pages={60--63},
  year={1990},
  publisher={Springer}
}

@article{morris2002sar11,
  title={SAR11 clade dominates ocean surface bacterioplankton communities},
  author={Morris, Robert M and Rapp{\'e}, Michael S and Connon, Stephanie A and Vergin, Kevin L and others},
  journal={Nature},
  volume={420},
  number={6917},
  pages={806},
  year={2002},
  publisher={Nature Publishing Group}
}

@article{rappe2002cultivation,
  title={Cultivation of the ubiquitous SAR11 marine bacterioplankton clade},
  author={Rapp{\'e}, Michael S and Connon, Stephanie A and Vergin, Kevin L and Giovannoni, Stephen J},
  journal={Nature},
  volume={418},
  number={6898},
  pages={630},
  year={2002},
  publisher={Nature Publishing Group}
}

@article{whitaker2003geographic,
  title={Geographic barriers isolate endemic populations of hyperthermophilic archaea},
  author={Whitaker, Rachel J and Grogan, Dennis W and Taylor, John W},
  journal={Science},
  volume={301},
  number={5635},
  pages={976--978},
  year={2003},
  publisher={American Association for the Advancement of Science}
}

@article{whitaker2006population,
  title={Population genomics in natural microbial communities},
  author={Whitaker, Rachel J and Banfield, Jillian F},
  journal={Trends in Ecology \& Evolution},
  volume={21},
  number={9},
  pages={508--516},
  year={2006},
  publisher={Elsevier}
}

@article{papke2015horizontal,
  title={Horizontal gene transfer, dispersal and haloarchaeal speciation},
  author={Papke, R Thane and Corral, Paulina and Ram-Mohan, Nikhil and Haba, Rafael R and S{\'a}nchez-Porro, Cristina and Makkay, Andrea and Ventosa, Antonio},
  journal={Life},
  volume={5},
  number={2},
  pages={1405--1426},
  year={2015},
  publisher={Multidisciplinary Digital Publishing Institute}
}

@article{bahl2011ancient,
  title={Ancient origins determine global biogeography of hot and cold desert cyanobacteria},
  author={Bahl, Justin and Lau, Maggie CY and Smith, Gavin JD and Vijaykrishna, Dhanasekaran and Cary, S Craig and Lacap, Donnabella C and Lee, Charles K and Papke, R Thane and Warren-Rhodes, Kimberley A and Wong, Fiona KY and others},
  journal={Nature communications},
  volume={2},
  pages={163},
  year={2011},
  publisher={Nature Publishing Group}
}

@article{papke2003geographical,
  title={Geographical isolation in hot spring cyanobacteria},
  author={Papke, R Thane and Ramsing, Niels B and Bateson, Mary M and Ward, David M},
  journal={Environmental Microbiology},
  volume={5},
  number={8},
  pages={650--659},
  year={2003},
  publisher={Wiley Online Library}
}

@article{yooseph2007sorcerer,
  title={The Sorcerer II Global Ocean Sampling expedition: expanding the universe of protein families},
  author={Yooseph, Shibu and Sutton, Granger and Rusch, Douglas B and Halpern, Aaron L and Williamson, Shannon J and Remington, Karin and Eisen, Jonathan A and Heidelberg, Karla B and Manning, Gerard and Li, Weizhong and others},
  journal={PLoS Biol},
  volume={5},
  number={3},
  pages={e16},
  year={2007},
  publisher={Public Library of Science}
}

@article{rusch2007sorcerer,
  title={The Sorcerer II global ocean sampling expedition: northwest Atlantic through eastern tropical Pacific},
  author={Rusch, Douglas B and Halpern, Aaron L and Sutton, Granger and Heidelberg, Karla B and Williamson, Shannon and Yooseph, Shibu and Wu, Dongying and Eisen, Jonathan A and Hoffman, Jeff M and Remington, Karin and others},
  journal={PLoS Biol},
  volume={5},
  number={3},
  pages={e77},
  year={2007},
  publisher={Public Library of Science}
}

@article{williamson2008sorcerer,
  title={The Sorcerer II Global Ocean Sampling Expedition: metagenomic characterization of viruses within aquatic microbial samples},
  author={Williamson, Shannon J and Rusch, Douglas B and Yooseph, Shibu and Halpern, Aaron L and Heidelberg, Karla B and Glass, John I and Andrews-Pfannkoch, Cynthia and Fadrosh, Douglas and Miller, Christopher S and Sutton, Granger and others},
  journal={PloS one},
  volume={3},
  number={1},
  pages={e1456},
  year={2008},
  publisher={Public Library of Science}
}

@article{kuo2009inferring,
  title={Inferring clocks when lacking rocks: the variable rates of molecular evolution in bacteria},
  author={Kuo, Chih-Horng and Ochman, Howard},
  journal={Biology Direct},
  volume={4},
  number={1},
  pages={35},
  year={2009},
  publisher={BioMed Central}
}

